<record><leader>00000cas a22000007a 4500</leader><controlfield tag="001">15434208</controlfield><controlfield tag="008">870330d19761983pauwr ne      0    0eng d</controlfield><datafield ind1=" " ind2=" " tag="010"><subfield code="a">sn 87080169 </subfield></datafield><datafield ind1=" " ind2=" " tag="040"><subfield code="a">NPH</subfield><subfield code="b">eng</subfield><subfield code="c">NPH</subfield><subfield code="d">NSD</subfield><subfield code="d">OCLCQ</subfield></datafield><datafield ind1=" " ind2=" " tag="042"><subfield code="a">msc</subfield></datafield><datafield ind1="0" ind2="4" tag="245"><subfield code="a">The Jewish times of the Greater Northeast.</subfield></datafield><datafield ind1="3" ind2="0" tag="246"><subfield code="a">Jewish times</subfield></datafield><datafield ind1=" " ind2=" " tag="260"><subfield code="a">Philadelphia, Pa. :</subfield><subfield code="b">Jewish Times of Greater Northeast, Inc.,</subfield><subfield code="c">1976-1983.</subfield></datafield><datafield ind1=" " ind2=" " tag="300"><subfield code="a">8 v. :</subfield><subfield code="b">ill. ;</subfield><subfield code="c">38-44 cm.</subfield></datafield><datafield ind1=" " ind2=" " tag="310"><subfield code="a">Weekly</subfield></datafield><datafield ind1="0" ind2=" " tag="362"><subfield code="a">Vol. 1, no. 1 (Mar. 31, 1976)-v. 8, no. 31 (Oct. 20, 1983).</subfield></datafield><datafield ind1=" " ind2=" " tag="500"><subfield code="a">Published every Wednesday.</subfield></datafield><datafield ind1=" " ind2=" " tag="752"><subfield code="a">United States</subfield><subfield code="b">Pennsylvania</subfield><subfield code="c">Philadelphia</subfield><subfield code="d">Philadelphia.</subfield></datafield><datafield ind1="0" ind2="0" tag="780"><subfield code="t">Jewish times (Philadelphia, Pa. : 1973)</subfield><subfield code="w">(DLC)sn 85054777</subfield></datafield><datafield ind1="0" ind2="0" tag="785"><subfield code="t">Jewish times (Philadelphia, Pa. : 1983)</subfield><subfield code="x">1073-9068</subfield><subfield code="w">(DLC)sn 87080170</subfield><subfield code="w">(OCoLC)15466286</subfield></datafield></record>